@article{artavanis2016measuring,
  title={Measuring income tax evasion using bank credit: Evidence from Greece},
  author={Artavanis, Nikolaos and Morse, Adair and Tsoutsoura, Margarita},
  journal={The Quarterly Journal of Economics},
  volume={131},
  number={2},
  pages={739--798},
  year={2016},
  publisher={MIT Press}
}