%Taxation

@article{GordonLi2009,
  author = "R Gordon and W Li",
  title = "Tax Structures in Developing Countries: Many Puzzles and a Possible Explanation",
  journal = "Journal of Public Economics",
  year = "2009",
  volume = "93",
  pages = "855--866"
}

@article{AllinghamSandmo,
  author = "MG Allingham and A Sandmo",
  title = "Income Tax Evasion: A Theoretical Analysis",
  journal = "Journal of Public Economics",
  year = "1972",
  volume = "1",
  pages = "323--338"
}

@article{Andreonietal1998,
  author = "J. Andreoni and B. Erard and J. Feinstein",
  title =  "Tax Compliance", 
  journal = "Journal of Economic Literature",
  year = "1998",
  volume = "36",
  pages = "818--860"
}

@article{Artavanisetal2016,
  author = "N. Artavanis and A. Morse and M. Tsoutsoura",
  title =  "Measuring Income Tax Evasion using Bank Credit: Evidence from Greece", 
  journal = "Quarterly Journal of Economics",
  year =  "2016",
  volume = "131",
  issue = "2", 
  pages = "739--798"
}

@article{Bestetal2015,
  author = "M.C. Best and A. Brockmeyer and H.J. Kleven and J. Spinnewijn and M. Waseem",
  title = "Production versus Revenue Efficiency with Limited Tax Capacity: Theory and Evidence From Pakistan", 
  journal = "Journal of Political Economy",
  year = "2015",
  volume = "123",
  issue = "6",
  pages = "1311--1355"
}

@article{BoadwaySato2009,
  author = "R. Boadway and M Sato",
  title = "Optimal Tax Design and Enforcement with an Informal Sector",
  journal =  "American Economic Journal: Economic Policy",
  year = "2009",
  volume = "1",
  issue = "1",
  pages = "1--27"
}

@article{BurgessStern,
  author = "R. Burgess and N. Stern",
  title = "Taxation and Development", 
  journal = "Journal of Economic Literature",
  volume = "31",
  issue = "2",
  year = "1993",
  pages = "762--830"
}

@article{Dwengeretal2016,
  author = "N. Dwenger and H.J. Kleven and I. Rasul and J. Rincke", 
  title = "Extrinsic and Intrinsic Motivations for Tax Compliance: Evidence From a Field Experiment in Germany", 
  journal = "American Economic Journal: Economic Policy",
  year = "2016",
  volume = "8",
  issue = "3",
  pages = "203--32"
}

@article{Gorodnichenkoetal2009,
  author = "Y. Gorodnichenko and J. Martinez-Vazquez and K.S. Peter",
  title = "Myth and Reality of Flat Tax Reform: Micro Estimates of Tax Evasion and Productivity Response in Russia", 
  journal = "Journal of Political Economy", 
  year = "2009",
  volume = "117", 
  pages = "504-554"
}

@article{Klevenetal2011,
  author = "H.J. Kleven and M. Knudsen and C. Kreiner and S. Pederson and E. Saez",
  title = "Unwilling or Unable to Cheat? Evidence from a Tax Audit Experiment in Denmark", 
  journal = "Econometrica", 
  year = "2011",
  volume = "79",
  issue =  "3", 
  pages = "651--692"
}

@article{Pomeranz2015,
  author = "D. Pomeranz",
  title = "No Taxation without Information: Deterrence and Self-Enforcement in the Value Added Tax", 
  journal = "American Economic Review",
  year = "2015", 
  volume = "105",
  issue = "8", 
  pages = "2539--2569"
}

@incollection{SlemrodYitzhaki,
  author = "J. Slemrod and S. Yitzhaki",
  title = "Tax Avoidance, Evasion and Administration", 
  booktitle = "Handbook of Public Economics, volume III",
  editor = "A.J. Auerbach and M. Feldstein",
  year = "2002"
}

@article{Slemrod2007,
  author = "J. Slemrod",
  title = "Cheating Ourselves: The Economics of Tax Evasion", 
  journal = "Journal of Economic Perspectives", 
  year = "2007", 
  volume = "21",
  pages = "25--48"
}

@article{Chetty2009,
  author = "R. Chetty",
  title = "Is the Taxable Income Elasticity Sufficient to Calculate Deadweight Loss? The Implications of Evasion and Avoidance",
  journal = "American Economic Journal: Economic Policy",
  volume = "1",
  issue = "2",
  pages = "31--52",
  year = "2009"
}

@article{LuttmerSinghal2014,
  author = "E. Luttmer and M. Singhal",
  title = "Tax Morale",
  journal = "Journal of Economic Perspectives",
  year = "2014",
  volume = "28",
  issue = "4",
  pages = "149--168"
}

@article{Zucman2014,
  author = "G. Zucman",
  title = "Taxing Across Borders: Tracking Personal Wealth and Corporate Profits",
  journal = "Journal of Economic Perspectives",
  year = "2014",
  volume = "28",
  issue = "4",
  pages = "121--148"
}

@unpublished{Alstadsaeteretal2017,
  author = "A. Alstads{\ae}ter and N. Johannesen and G. Zucman",
  title = "Tax Evasion and Inequality",
  year = "2017",
  note = "Mimeo: UC Berkeley"
}

@article{Zucman2013,
  author = "G. Zucman",
  title = "The Missing Wealth of Nations: Are Europe and the U.S. net Debtors or net Creditors?",
  journal = "Quarterly Journal of Economics",
  year = "2013",
  volume = "128",
  issue = "3",
  pages = "1321--1364"
}

@article{BesleyPersson2009,
  author = "T. Besley and T. Persson",
  title = "The origins of state capacity: Property rights, taxation and politics",
  journal = "American Economic Review",
  year = "2009",
  volume = "99",
  pages = "1218--1244"
}
  
@book{BesleyPersson2011,
  author = "T. Besley and T. Persson",
  title = "Pillars of prosperity: The political economics of development clusters",
  year = "2011",
  publisher = "Princeton: Princeton University Press"
}

@incollection{BesleyPersson2013,
  author = "T. Besley and T. Persson",
  title = "Taxation and Development",
  booktitle = "Handbook of Public Economics volume V",
  editor = "A Auerbach and R Chetty and M Feldstein",
  year = "2013"
}

@article{Sequeira2016,
  author = "S Sequeira",
  title = "Corruption, Trade Costs, and Gains from Tariff Liberalization: Evidence from Southern Africa",
  year = "2016",
  journal = "American Economic Review",
  volume = "106",
  issue = "10",
  pages = "3029--3063"
}

@unpublished{Jensen2016,
  author = "A Jensen",
  title = "Employment Structure and the Rise of the Modern Tax System",
  year = "2016",
  note = "Mimeo: Harvard Kennedy School"
}

%Anti-poverty

@article{Akerlof1978,
  author = "G. Akerlof",
  title = "The Economics of Tagging as Applied to the Optimal Income Tax, Welfare Programs, and Manpower Planning",
  year = "1978",
  journal = "American Economic Review",
  volume = "68",
  issue = "1",
  pages = "8--19"
}

@article{NicholsZeckhauser1982,
  author = "A.L. Nichols and R.J. Zeckhauser",
  title = "Targeting Transfers Through Restrictions on Recipients",
  year = "1982",
  journal = "American Economic Review",
  volume = "61",
  issue = "3",
  pages = "312--323"
}
  
@article{BesleyCoate1992,
  author = "T. Besley and S. Coate",
  title = "Workfare versus Welfare: Incentive Arguments for Work Requirements in Poverty-Alleviation Programs",
  year = "1992",
  journal = "American Economic Review",
  volume = "82",
  issue = "1",
  pages = "249--261"
}

@article{KlevenKopczuk2011,
  author = "H.J. Kleven and W. Kopczuk",
  title = "Transfer Program Complexity and the Take up of Social Benefits",
  year = "2011",
  journal = "American Economic Journal: Economic Policy",
  volume = "3",
  issue = "1",
  pages = "54--90"
}

@unpublished{DeshpandeLi2017,
  author = "M Deshpande and Y Li",
  title = "Who is Screened Out? Application Costs and the Targeting of Disability Programs",
  year = "2017",
  note = "Mimeo: University of Chicago"
}

@article{Alatasetal2012,
  author = "V. Alatas and A. Banerjee and R. Hanna and B. Olken and J. Tobias",
  title = "Targeting the Poor: Evidence from a Field Experiment in Indonesia",
  year = "2012",
  journal = "American Economic Review",
  volume = "104",
  issue = "2",
  pages = "1206--1240"
}

@article{Alatasetal2016,
  author = "V. Alatas and A. Banerjee and R. Hanna and B. Olken and M. Wai-Poi and R. Purnamasari",
  title = "Self Targeting: Evidence From a Field Experiment in Indonesia",
  year = "2016",
  journal = "Journal of Political Economy",
  volume = "124",
  issue = "2",
  pages = "371--427"
}

@article{Banerjeeetal2018,
  author = "A Banerjee and R Hanna and G Kreindler and B Olken",
  title = "Debunking the Stereotype of the Lazy Welfare Recipient: Evidence from Cash Transfer Programs Worldwide",
  year = "forthcoming",
  journal = "World Bank Research Observer"
}

@article{Saez2002,
  author = "E Saez",
  title = "Optimal Income Transfer Programs: Intensive Versus Extensive Labor Supply Responses",
  year = "2002",
  journal = "Quarterly Journal of Economics",
  volume = "117",
  issue = "3",
  pages = "1039--1073"
}

@article{Bertrandetal2013,
  author = "P Niehaus and A Atanassova and M Bertrand and S Mullainathan",
  title = "Targeting with Agents",
  year = "2013",
  journal = "American Economic Journal: Economic Policy",
  volume = "5",
  issue = "1",
  pages = "206--238"
}

@article{Rothstein2010,
  author = "J Rothstein",
  title = "Is the EITC as Good as an NIT? Conditional Cash Transfers and Tax Incidence",
  year = "2010",
  journal = "American Economic Journal: Economic Policy",
  volume = "2",
  issue = "1",
  pages = "177--208"
}

@article{Chettyetal2013,
  author = "R Chetty and J Friedman and E Saez",
  title = "Using Differenes in Knowledge Across Neighborhoods to Uncover the Impacts of the EITC on Earnings",
  year = "2013",
  journal = "American Economic Review",
  volume = "103",
  issue = "7",
  pages = "2683--2721"
}
  
@article{Cohenetal2015,
  author = "J Cohen and P Dupas and S Schaner",
  title = "Price Subsidies, Diagnostic Tests, and Targeting of Malaria Treatment: Evidence from a Randomized Controlled Trial",
  year = "2015",
  journal = "American Economic Review",
  volume = "105",
  issue = "2",
  pages = "609--645"
}
  
@unpublished{Brolloetal2016,
  author = "F Brollo and K.M. Kaufmann and E {La Ferrara}",
  title = "Learning About the Enforcement of Conditional Welfare Programs: Evidence From Brazil",
  year = "2016",
  note = "Mimeo: Warwick University"
}

@article{ImbertPapp2015,
  author = "C Imbert and J Papp",
  title = "Labor Market Effects of Social Programs: Evidence From India's Employment Guarantee",
  year = "2015",
  journal = "American Economic Journal: Applied Economics",
  volume = "7",
  issue = "2",
  pages = "233--263"
}

@article{AngelucciDeGiorgi2009,
  author = "M Angelucci and G {De Giorgi}",
  title = "Indirect Effects of an Aid Program: How Do Cash Transfers Affect Ineligibles' Consumption",
  year = "2009",
  journal = "American Economic Review",
  volume = "99",
  issue = "1",
  pages = "486--508"
}

@article{AttanasioLechene2014,
  author = "O Attanasio and V Lechene",
  title = "Efficient Responses to Targeted Cash Transfers",
  year = "2014",
  journal = "Journal of Political Economy",
  volume = "122",
  issue = "1",
  pages = "178--222"
}

@article{BairdMcIntoshOzler2011,
  author = "S Baird and C McIntosh and B Ozler",
  title = "Cash or Condition? Evidence from a Cash Transfer Experiment",
  year = "2011",
  journal = "Quarterly Journal of Economics",
  volume = "126",
  issue = "4",
  pages = "1709--1753"
}

@article{GahvariMattos2007,
  author = "F Gahvari and E Mattos",
  title = "Conditional Cash Transfers, Public Provisions of Private Goods, and Income Redistribution",
  year = "2007",
  journal = "American Economic Review",
  volume = "97",
  issue = "1",
  pages = "491--502"
}

@article{ParkerTodd2017,
  author = "S.W. Parker and P.E. Todd",
  title = "Conditional Cash Transfers: The Case of Progresa/Oportunidades",
  year = "2017",
  journal = "Journal of Economic Literature",
  volume = "55",
  issue = "3",
  pages = "866--915"
}

@article{Dupasetal2016,
  author = "P Dupas and V Hoffman and M Kremer and A {Peterson Zwane}",
  title = "Targeting Health Subsidies Through a Nonprice Mechanism: A Randomized Controlled Trial in Kenya",
  year = "2016",
  journal = "Science",
  volume = "353",
  issue = "6302",
  pages = "889--895"
}

@unpublished{Basurtoetal2017,
  author = "M.P {Basurto Preciado} and P Dupas and J Robinson",
  title = "Decentralization and Efficiency of Subsidy Targeting: Evidence from Chiefs in Rural Malawi",
  year = "2017",
  note = "Mimeo: Stanford University"
}

@unpublished{Cunhaetal2017,
  author = "J. Cunha and G {De Giorgi} and S Jayachandran",
  title = "The Price Effects of Cash Versus In-Kind Transfers",
  year = "2017",
  note = "Mimeo: Northwestern University"
}

@unpublished{Barnwal2017,
  author = "Prabhat Barnwal",
  title = "Curbing Leakage in Public Programs: Evidence from India's Direct Benefit Transfer Policy",
  year = "2017",
  note = "Mimeo: Michigan State University"
}
  

%Personnel
@unpublished{Callenetal2015,
  author = "M Callen and S Gulzar and A Hasanain and Y Khan and A Rezaee",
  title = "Personalities and Public Sector Performance: Evidence from a Health Experiment in Pakistan",
  year = "2015",
  note = "NBER Working Paper 21180"
}

@article{BenabouTirole2006,
  author = "R Benabou and J Tirole",
  title = "Incentives and Prosocial Behavior",
  journal = "American Economic Review",
  volume = "96",
  issue = "5",
  year = "2006",
  pages = "1652--1678"
}

@article{BesleyGhatak2005,
  author = "T Besley and M Ghatak",
  title = "Competition and Incentives with Prosocial Agents",
  year = "2005",
  journal = "American Economic Review",
  volume = "95",
  issue = "3",
  pages = "616--636"
}

@article{AghionTirole1997,
  author = "P Aghion and J Tirole",
  title = "Formal and Real Authority in Organizations",
  year = "1997",
  journal = "Journal of Political Economy",
  volume = "105",
  issue = "1",
  pages = "1--29"
}

@article{Dufloetal2013,
  author = "E Duflo and M Greenstone and R Pande and N Ryan",
  title = "Truth Telling by Third Party Audits and the Response of Polluting Firms: Experimental Evidence from India",
  year = "2013",
  journal = "Quarterly Journal of Economics",
  volume = "128",
  issue = "4",
  pages = "1499--1545"
}

@unpublished{Dufloetal2016,
  author = "E Duflo and M Greenstone and R Pande and N Ryan",
  title = "The Value of Discretion in the Enforcement of Regulation: Experimental Evidence and Structural Estimates from Environmental Inspections in India",
  year = "2016",
  note = "mimeo: MIT"
}

@article{Dufloetal2012,
  author = "E Duflo and R Hanna and S.P. Ryan",
  title = "Incentives Work: Getting Teachers to Come to School",
  year = "2012",
  journal = "American Economic Review",
  volume = "102",
  issue = "4",
  pages = "1241--1278"
}

@article{KhanKhwajaOlken2016,
  author = "A Khan and A Khwaja and B Olken",
  title = "Tax Farming Redux: Experimental Evidence on Performance Pay for Tax Collectors",
  year = "2016",
  journal = "Quarterly Journal of Economics",
  volume = "131",
  issue = "1",
  pages = "219--271"
}

@unpublished{KhanKhwajaOlken2017,
  author = "A Khan and A Khwaja and B Olken",
  title = "Making Moves Matter: Experimental Evidence on Incentivizing Bureaucrats through Performance-Based Postings",
  year = "2017",
  note = "mimeo: MIT"
}

@incollection{LazearOyer2012,
  author = "E Lazear and P Oyer",
  title = "Personnel Economics",
  booktitle = "Handbook of Organizational Economics",
  editor = "R Gibbons and J Roberts",
  year = "2012",
  pages = "479--519"
}

@article{Olken2007,
  author = "B Olken",
  title = "Monitoring Corruption: Evidence from a Field Experiment in Indonesia",
  year = "2007",
  journal = "Journal of Political Economy",
  volume = "115",
  issue = "2",
  pages = "200--249"
}
  
@article{Prendergast2003,
  author = "C Prendergast",
  title = "The Limits of Bureaucratic Efficiency",
  year = "2003",
  journal = "Jounral of Political Economy",
  volume = "111",
  issue = "5",
  pages = "929--958"
}

@article{Prendergast2007,
  author = "C Prendergast",
  title = "The Motivation and Bias of Bureaucrats",
  year = "2007",
  journal = "American Economic Review",
  volume = "97",
  issue = "1",
  pages = "180--196"
}

@incollection{Finanetal2017,
  author = "F Finan and B Olken and R Pande",
  title = "The Personnel Economics of the Developing State",
  chapter = "6",
  booktitle = "Handbook of Field Experiments, Volume II",
  editor = "E Duflo and A Banerjee",
  year = "2017",
}

@unpublished{Deserrano2017,
  author = "E Deserrano",
  title = "Financial Incentives as Signals: Experimental Evidence from the Recruitment of Village Promoters in Uganda",
  year = "2017",
  note = "Mimeo: Northwestern"
}

@article{Ashrafetal2014,
  author = "N Ashraf and O Bandiera and K Jack",
  title = "No Margin, No Mission? A Field Experiment on Incentives for Public Services Delivery",
  year = "2014",
  journal = "Journal of Public Economics",
  volume = "120",
  pages = "1--17"
}

@unpublished{Ashrafetal2016,
  author = "N Ashraf and O Bandiera and S.S. Lee",
  title = "Do-gooders and Go-getters: Selection and Performance in Public Service Delivery",
  year = "2016",
  note = "Mimeo: London School of Economics"
}

@incollection{Banerjeeetal2013,
  author = "A Banerjee and R Hanna and S Mullainathan",
  title = "Corruption",
  booktitle = "Handbook of Organizational Economics",
  chapter = "27",
  pages = "1109--1147",
  year = "2012"
}

@article{DalBoetal2013,
  author = "E {Dal B{'o}} and F Finan and M.A. Rossi",
  title = "Strengthening State Capabilities: The Role of Financial Incentives in the Call to Public Service",
  year = "2013",
  journal = "Quarterly Journal of Economics",
  volume = "128",
  issue = "3",
  pages = "1169--1218"
}

@article{Chaudhuryetal2006,
  author = "N Chaudhury and J Hammer and M Kremer and K Muralidharan and F. {Halsey Rogers}",
  year = "2006",
  title = "Missing in Action: Teacher and Health Worker Absence in Developing Countries",
  journal = "Journal of Economic Perspectives",
  volume = "20",
  issue = "1",
  pages = "91--116"
}

@article{MuralidharanSundararaman2011,
  author = "K Muralidharan and V Sundararaman",
  title = "Teacher Performance Pay: Eperimental Evidence from India",
  year = "2011",
  journal = "Journal of Political Economy",
  volume = "119",
  issue = "1",
  pages = "39--77"
}

@unpublished{DeReeetal2017,
  author = "J {De Ree} and K Muralidharan and M Bardhan and H Rogers",
  title = "Double for Nothing? Experimental Evidence on an Unconditional Teacher Salary Increase in Indonesia",
  year = "2017",
  note = "forthcoming, Quarterly Journal of Economics"
}

@article{OlkenPande2012,
  author = "B Olken and R Pande",
  title = "Corruption in Developing Countries",
  year = "2012",
  journal = "Annual Review of Economics",
  volume = "4",
  pages = "479--509"
}

@article{BenhassineEtal2018,
  author = "N Benhassine and V Pouliquen and M Santini",
  title = "Can Enhancing the Benefits of Fomrmalization Induce Informal Firms to Become Formal? Experimental Evidence from Benin",
  year = "2018",
  journal = "Journal of Public Economics",
  volume = "157",
  pages = "1--14"
}
  
@article{LaPortaShleifer2014,
  author = "R {La Porta} and A Shleifer",
  title = "Informality and Development",
  year = "2014",
  journal = "Journal of Economic Perspectives",
  volume = "28",
  issue = "3",
  pages = "109--126"
}

@article{FismanWei2004,
  author = "R Fisman and SJ Wei",
  title = "Tax Rates and Tax Evasion: Evidence from ``Missing Imports'' in China",
  year = "2004",
  journal = "Journal of Political Economy",
  volume = "112",
  issue = "2",
  pages = "471--496"
}

%DataGovernment

@unpublished{Muralidharanetal2017,
  author = "K Muralidharan and P Niehaus and S Sukhtankar",
  title = "General Equilibrium Effects of (Improving) Public Employment Programs: Experimental Evidence from India",
  year = "2017",
  note = "Mimeo: UC San Diego"
}

@article{Muralidharanetal2016,
  author = "K Muralidharan and P Niehaus and S Sukhtankar",
  title = "Building State Capacity: Evidence from Biometric Smartcards in India",
  year = "2016",
  journal = "American Economic Review",
  volume = "106",
  issue = "10",
  pages = "2895--2929"
}

@unpublished{Banerjeeetal2017,
  author = "A Banerjee and E Duflo and C Imbert and S Mathew and R Pande",
  title = "E-governance, Accountability and Leakage in Public Programs: Experimental Evidence from a Financial Management Reform in India",
  year = "2017",
  note = "Mimeo: MIT"
}

@unpublished{Callenetal2016,
  author = "M Callen and S Gulzar and A Hasanain and Y Khan",
  title = "The Political Economy of Employee Absence: Experimental Evidence from Pakistan",
  year = "2016",
  note = "Mimeo: UC San Diego"
}

@unpublished{MuralidharanSinghGanimian2017,
  title = "Disrupting Education? Experimental Evidence on Technology-Aided Instruction in India",
  author = "K Muralidharan and Abhijeet Singh and Alejandro Ganimian", 
  year = "2017",
  note = "Mimeo: UC San Diego"
}

@unpublished{BanerjeeHannaOlkenKyleSumarto2016,
  author = "A Banerjee and R. Hanna and B. Olken and J. Kyle and S. Sumarto",
  title = "Tangible Information and Citizen Empowerment: Identification Cards and Food Subsidy Programs in Indonesia",
  year = "2016",
  note = "Journal of Political Economy, forthcoming"
}

@article{CasaburiTroiano2016,
  author = "L Casaburi and U Troiano",
  title = "Ghost-House Busters: The Electoral Response to a Large Anti Tax Evasion Program",
  year = "2016",
  journal = "Quarterly Journal of Economics",
  volume = "131",
  issue = "1",
  pages = "273--314"
}

@article{Fujiwara2015,
  author = "T Fujiwara",
  title = "Voting Technology, Political Responsiveness, and Infant Health: Evidence from Brazil",
  year = "2015",
  journal = "Econometrica",
  volume = "83",
  issue = "2",
  pages = "423--464"
}

@article{CallenLong2015,
  author = "M Callen and J.D. Long",
  title = "Institutional Corruption and Election Fraud: Evidence From a Field Experiment in Afghanistan",
  year = "2015",
  journal = "American Economic Review",
  volume = "105",
  issue = "1",
  pages = "354--381"
}
  
@unpublished{Naritomi2016,
  author = "J Naritomi",
  title = "Consumers as Tax Auditors",
  year = "2016",
  note = "Mimeo: London School of Economics"
}

@article{Glaeseretal2016,
  author = "E.L Glaeser and A. Hillis and S.D. Kominers and M. Luca",
  title = "Predictive cities crowdsourcing city government: Using tournaments to improve inspection accuracy",
  year = "2016",
  journal = "American Economic Review, Papers and Proceedings", 
  volume = "106",
  issue = "5",
  pages = "114--118"
}

@article{Goeletal2016,
  author = "S Goel and J.M. Rao and R Shro",
  title = "Personalized risk assessments in the criminal justice system",
  year = "2016",
  journal = "American Economic Review, Papers and Proceedings",
  volume = "106",
  issue = "5",
  pages = "119--123"
}

@article{Kleinbergetal2015,
  author = "J. Kleinberg and J. Ludwig and S. Mullainathan and Z Obermeyer",
  title = "Prediction Policy Problems",
  year = "2015",
  journal = "American Economic Review, Papers and Proceedings",
  volume = "105",
  issue = "5",
  pages = "491--495"
}

@inproceedings{Kangetal2013,
  author = "J.S. Kang and P. Kuznetsova and M. Luca and Y. Choi",
  title = "Where not to eat? improving public policy by predicting hygiene inspections using online reviews",
  year = "2013",
  booktitle = "EMNLP",
  pages = "1443--1448"
}

@unpublished{Glaeseretal2015,
  author = "E.L. Glaeser and S.D. Kominers and M. Luca and N. Naik",
  title = "Big data and big cities: The promises and limitations of improved measures of urban life",
  year = "2015",
  note = "NBER Working Paper"
}

@inproceedings{Ackermannetal2016,
  author = "K. Ackermann and E. {Blancas Reyes} and S. He and T. {Anderson Keller} and P {van der Boor} and R. Khan and R. Ghani and J.C. Gonzalez",
  title = "Designing policy recommendations to reduce home abandonment in Mexico",
  year = "2016",
  booktitle = "Proceedings of the 22nd ACM SIGKDD International Conference on Knowledge Discovery and Data Mining",
  pages = "13--20"
}

@article{Chalfinetal2016,
  author = "A. Chalfin and O. Danieli and A. Hillis an Z. Jelveh and M. Luca and J. Ludwig and S. Mullainathan",
  title = "Productivity and selection of human capital with machine learning",
  year = "2016",
  journal = "American Economic Review, Papers and Proceedings",
  volume = "106",
  issue = "5",
  pages = "124--127"
}

@article{Blumenstocketal2015,
  author = "J. Blumenstock and G. Cadamuro and R. On",
  title = "Predicting Poverty and Wealth from Mobile Phone Metadata",
  year = "2015",
  journal = "Science",
  volume = "350",
  issue = "6264",
  pages = "1073--1076"
}

@article{Jeanetal2016,
  author = "N Jean and M Burke and M Xie and M Davis and D Lobell and S Ermon",
  title = "Combining machine learning and satellite imagery to predict poverty",
  year = "2016",
  journal = "Science",
  volume = "353",
  issue = "6301",
  pages = "790--794"
}

@inproceedings{Abelsonetal2014,
  author = "B Abelson and K.R. Varshney and J Sun",
  title = "Targeting Direct Cash Transfers to the Extremely Poor",
  year = "2014",
  booktitle = "Proceedings of the 20th ACM SIGKDD International Conference on Knowledge Discovery and Data Mining",
  pages = "1563--1572"
}

@article{Blumenstock2016,
  author = "J Blumenstock",
  title = "Fighting Poverty with Data",
  journal = "Science",
  volume = "353",
  issue = "6301",
  pages = "753--754"
}

@unpublished{Engstrometal2016,
  author = "R Engstrom and J Hersh and D Newhouse",
  title = "Poverty from Space: Using High Resolution Satellite Imagery for Estimating Economic Well-being and Geographic Targeting",
  year = "2016",
  note = "Mimeo"
}

@unpublished{Kleinbergetal2017,
  author = "J Kleinberg and H Lakkarju and J Leskovec and J Ludwig and S Mullainathan",
  title = "Human Decisions and Machine Predictions",
  year = "2017",
  note = "NBER WP 23180"
}
